<record xmlns='http://www.loc.gov/MARC21/slim'><leader>02522cam a2200613 a 4500</leader><controlfield tag='001'>a10588787</controlfield><controlfield tag='003'>SIRSI</controlfield><controlfield tag='005'>20150531003001.0</controlfield><controlfield tag='008'>051207r20061939nyu      b    000 1 eng  </controlfield><datafield ind1=' ' ind2=' ' tag='010'><subfield code='a'>  2005058182</subfield></datafield><datafield ind1=' ' ind2=' ' tag='020'><subfield code='a'>0143039431 (pbk.)</subfield></datafield><datafield ind1=' ' ind2=' ' tag='020'><subfield code='a'>9780143039433 (pbk.)</subfield></datafield><datafield ind1=' ' ind2=' ' tag='020'><subfield code='a'>032946633X</subfield></datafield><datafield ind1=' ' ind2=' ' tag='020'><subfield code='a'>9780329466336</subfield></datafield><datafield ind1=' ' ind2=' ' tag='020'><subfield code='a'>1417747811</subfield></datafield><datafield ind1=' ' ind2=' ' tag='020'><subfield code='a'>9781417747818</subfield></datafield><datafield ind1=' ' ind2=' ' tag='040'><subfield code='a'>DLC</subfield><subfield code='b'>eng</subfield><subfield code='c'>DLC</subfield><subfield code='d'>YDX</subfield><subfield code='d'>BAKER</subfield><subfield code='d'>BTCTA</subfield><subfield code='d'>YDXCP</subfield><subfield code='d'>OCLCG</subfield><subfield code='d'>ABG</subfield><subfield code='d'>JQD</subfield><subfield code='d'>LF3</subfield><subfield code='d'>IGP</subfield><subfield code='d'>GV9</subfield><subfield code='d'>OCLCQ</subfield><subfield code='d'>BDX</subfield><subfield code='d'>COH</subfield><subfield code='d'>OCLCO</subfield><subfield code='d'>TAMSA</subfield><subfield code='d'>ZCU</subfield><subfield code='d'>OCLCQ</subfield><subfield code='d'>UtOrBLW</subfield></datafield><datafield ind1=' ' ind2=' ' tag='043'><subfield code='a'>n-us-ca</subfield><subfield code='a'>n-us-ok</subfield></datafield><datafield ind1=' ' ind2=' ' tag='049'><subfield code='a'>STFA</subfield></datafield><datafield ind1='0' ind2='0' tag='050'><subfield code='a'>PS3537.T3234</subfield><subfield code='b'>G8 2006</subfield></datafield><datafield ind1='0' ind2='0' tag='082'><subfield code='a'>813/.52</subfield><subfield code='2'>22</subfield></datafield><datafield ind1='1' ind2=' ' tag='100'><subfield code='a'>Steinbeck, John,</subfield><subfield code='d'>1902-1968.</subfield><subfield code=' '>^A116705</subfield></datafield><datafield ind1='1' ind2='4' tag='245'><subfield code='a'>The grapes of wrath /</subfield><subfield code='c'>John Steinbeck ; introduction and notes by Robert DeMott.</subfield></datafield><datafield ind1=' ' ind2=' ' tag='260'><subfield code='a'>New York :</subfield><subfield code='b'>Penguin Books,</subfield><subfield code='c'>2006, c1939.</subfield></datafield><datafield ind1=' ' ind2=' ' tag='300'><subfield code='a'>lviii, 464 p. ;</subfield><subfield code='c'>20 cm.</subfield></datafield><datafield ind1='1' ind2=' ' tag='490'><subfield code='a'>Penguin classics</subfield></datafield><datafield ind1=' ' ind2=' ' tag='500'><subfield code='a'>Originally published: New York : Viking Press, 1939.</subfield></datafield><datafield ind1=' ' ind2=' ' tag='500'><subfield code='a'>ALA banned and challenged classics.</subfield></datafield><datafield ind1=' ' ind2=' ' tag='504'><subfield code='a'>Includes bibliographical references (p. [xlvii]-lviii).</subfield></datafield><datafield ind1=' ' ind2=' ' tag='520'><subfield code='a'>Depicts the hardships and suffering endured by the Joads as they journey from Oklahoma to California during the Depression.</subfield></datafield><datafield ind1=' ' ind2='0' tag='650'><subfield code='a'>Migrant agricultural laborers</subfield><subfield code='v'>Fiction.</subfield><subfield code=' '>^A2102802</subfield></datafield><datafield ind1=' ' ind2='0' tag='650'><subfield code='a'>Rural families</subfield><subfield code='v'>Fiction.</subfield><subfield code=' '>^A2105115</subfield></datafield><datafield ind1=' ' ind2='0' tag='650'><subfield code='a'>Depressions</subfield><subfield code='v'>Fiction.</subfield><subfield code=' '>^A2097806</subfield></datafield><datafield ind1=' ' ind2='0' tag='650'><subfield code='a'>Labor camps</subfield><subfield code='v'>Fiction.</subfield><subfield code=' '>^A2443557</subfield></datafield><datafield ind1=' ' ind2='0' tag='651'><subfield code='a'>California</subfield><subfield code='v'>Fiction.</subfield><subfield code=' '>^A2095983</subfield></datafield><datafield ind1=' ' ind2='0' tag='651'><subfield code='a'>Oklahoma</subfield><subfield code='v'>Fiction.</subfield><subfield code=' '>^A2103574</subfield></datafield><datafield ind1=' ' ind2='7' tag='650'><subfield code='a'>Migrant labor</subfield><subfield code='v'>Fiction.</subfield><subfield code='2'>sears</subfield></datafield><datafield ind1=' ' ind2='7' tag='650'><subfield code='a'>Agricultural laborers</subfield><subfield code='v'>Fiction.</subfield><subfield code='2'>sears</subfield></datafield><datafield ind1=' ' ind2='7' tag='650'><subfield code='a'>Farm family</subfield><subfield code='v'>Fiction.</subfield><subfield code='2'>sears</subfield></datafield><datafield ind1=' ' ind2='7' tag='650'><subfield code='a'>Great Depression, 1929-1939</subfield><subfield code='v'>Fiction.</subfield><subfield code='2'>sears</subfield></datafield><datafield ind1=' ' ind2='7' tag='651'><subfield code='a'>California</subfield><subfield code='v'>Fiction.</subfield><subfield code='2'>sears</subfield></datafield><datafield ind1=' ' ind2='7' tag='651'><subfield code='a'>Oklahoma</subfield><subfield code='v'>Fiction.</subfield><subfield code='2'>sears</subfield></datafield><datafield ind1=' ' ind2='0' tag='655'><subfield code='a'>Domestic fiction.</subfield></datafield><datafield ind1=' ' ind2='0' tag='655'><subfield code='a'>Political fiction.</subfield></datafield><datafield ind1=' ' ind2='7' tag='655'><subfield code='a'>Domestic fiction.</subfield><subfield code='2'>gsafd</subfield><subfield code=' '>^A3314273</subfield></datafield><datafield ind1='1' ind2=' ' tag='700'><subfield code='a'>DeMott, Robert J.,</subfield><subfield code='d'>1943-</subfield><subfield code=' '>^A375188</subfield></datafield><datafield ind1=' ' ind2='0' tag='830'><subfield code='a'>Penguin classics.</subfield><subfield code=' '>^A1117737</subfield></datafield><datafield ind1=' ' ind2=' ' tag='994'><subfield code='a'>C0</subfield><subfield code='b'>STF</subfield></datafield><datafield ind1='4' ind2='2' tag='856'><subfield code='3'>Contributor biographical information</subfield><subfield code='u'>http://catdir.loc.gov/catdir/enhancements/fy0716/2005058182-b.html</subfield></datafield><datafield ind1='4' ind2='2' tag='856'><subfield code='3'>Publisher description</subfield><subfield code='u'>http://catdir.loc.gov/catdir/enhancements/fy0716/2005058182-d.html</subfield></datafield><datafield ind1=' ' ind2=' ' tag='035'><subfield code='a'>(OCoLC-M)62593827</subfield></datafield><datafield ind1=' ' ind2=' ' tag='035'><subfield code='a'>(OCoLC-I)886593377</subfield></datafield><datafield ind1=' ' ind2=' ' tag='596'><subfield code='a'>14</subfield></datafield><datafield ind1=' ' ind2=' ' tag='999'><subfield code='a'>PS3537 .T3234 G8 2006</subfield><subfield code='w'>LC</subfield><subfield code='c'>1</subfield><subfield code='i'>36105212169010</subfield><subfield code='d'>10/15/2014</subfield><subfield code='e'>8/15/2014</subfield><subfield code='l'>STACKS</subfield><subfield code='m'>HOPKINS</subfield><subfield code='r'>Y</subfield><subfield code='s'>Y</subfield><subfield code='t'>STKS</subfield><subfield code='u'>8/8/2014</subfield></datafield></record>